<?xml version="1.0" encoding="UTF-8"?><collection xmlns="http://www.loc.gov/MARC21/slim"><record><leader>00616nam--2200217-u-4500</leader><controlfield tag="001">000050374</controlfield><controlfield tag="002">20161230</controlfield><controlfield tag="003">81797</controlfield><controlfield tag="005">20161230201048</controlfield><controlfield tag="008">070130s1000------------r-----000-0-eng-d</controlfield><datafield ind1=" " ind2=" " tag="020"><subfield code="a">0-8218-05502-9</subfield></datafield><datafield ind1=" " ind2=" " tag="040"><subfield code="a">IFIN-HH</subfield></datafield><datafield ind1=" " ind2=" " tag="041"><subfield code="a">eng</subfield></datafield><datafield ind1="1" ind2=" " tag="100"><subfield code="a">Guillemin,Victor.,Ginzburg,Victor and Karshon,Yael</subfield></datafield><datafield ind1="1" ind2="0" tag="245"><subfield code="a">Moment Maps, Cobordisms and Hamiltonian Group Actions</subfield></datafield><datafield ind1=" " ind2=" " tag="260"><subfield code="a">Rhode Island</subfield><subfield code="b">American Mathematical Society</subfield><subfield code="c">2002</subfield></datafield><datafield ind1=" " ind2=" " tag="300"><subfield code="a">350 p</subfield></datafield><datafield ind1=" " ind2=" " tag="490"><subfield code="a">Mathematical Surveys and Monographs</subfield><subfield code="v">Vol.98</subfield></datafield><datafield ind1=" " ind2="4" tag="650"><subfield code="a">Quantization</subfield></datafield><datafield ind1=" " ind2=" " tag="852"><subfield code="a">81797</subfield></datafield><datafield ind1=" " ind2=" " tag="CAT"><subfield code="a">Sys</subfield><subfield code="c">20070130</subfield><subfield code="h">082823</subfield></datafield></record></collection>